<record><leader>00000cas a22000007a 4500</leader><controlfield tag="001">21177673</controlfield><controlfield tag="008">900306c198u9999txuwr ne      0   a0eng d</controlfield><datafield ind1=" " ind2=" " tag="010"><subfield code="a">sn 90002725 </subfield></datafield><datafield ind1=" " ind2=" " tag="040"><subfield code="a">NSD</subfield><subfield code="b">eng</subfield><subfield code="c">NSD</subfield><subfield code="d">OCLCQ</subfield></datafield><datafield ind1=" " ind2=" " tag="012"><subfield code="j">0</subfield><subfield code="k">1</subfield><subfield code="m">y</subfield></datafield><datafield ind1="0" ind2=" " tag="022"><subfield code="a">1049-2143</subfield><subfield code="l">1049-2143</subfield><subfield code="y">8750-5592</subfield><subfield code="2">1</subfield></datafield><datafield ind1=" " ind2=" " tag="032"><subfield code="a">732010</subfield><subfield code="b">USPS</subfield></datafield><datafield ind1=" " ind2=" " tag="037"><subfield code="b">Jim Ned Pub. Co., PO Box 339, Tuscola, TX 79562</subfield></datafield><datafield ind1=" " ind2=" " tag="042"><subfield code="a">nsdp</subfield><subfield code="a">msc</subfield></datafield><datafield ind1="1" ind2="0" tag="082"><subfield code="a">071</subfield><subfield code="2">11</subfield></datafield><datafield ind1="0" ind2=" " tag="130"><subfield code="a">Journal (Tuscola, Tex.)</subfield></datafield><datafield ind1=" " ind2="4" tag="222"><subfield code="a">The journal</subfield><subfield code="b">(Tuscola, Tex.)</subfield></datafield><datafield ind1="1" ind2="4" tag="245"><subfield code="a">The journal.</subfield></datafield><datafield ind1="1" ind2=" " tag="246"><subfield code="i">Issues for &lt;Feb. 24, 2005-&gt; have title:</subfield><subfield code="a">Jim Ned journal</subfield></datafield><datafield ind1=" " ind2=" " tag="260"><subfield code="a">Tuscola, Tex. :</subfield><subfield code="b">Jim Ned Pub. Co.</subfield></datafield><datafield ind1=" " ind2=" " tag="300"><subfield code="a">v.</subfield></datafield><datafield ind1=" " ind2=" " tag="310"><subfield code="a">Weekly</subfield></datafield><datafield ind1=" " ind2=" " tag="588"><subfield code="a">Description based on: Vol. 8, no. 4 (Feb. 8, 1990).</subfield></datafield><datafield ind1=" " ind2=" " tag="588"><subfield code="a">Latest issue consulted: Vol. 23, no. 6 (Feb. 24, 2005).</subfield></datafield><datafield ind1=" " ind2=" " tag="752"><subfield code="a">United States</subfield><subfield code="b">Texas</subfield><subfield code="c">Taylor.</subfield></datafield><datafield ind1=" " ind2=" " tag="752"><subfield code="a">United States</subfield><subfield code="b">Texas</subfield><subfield code="c">Runnels.</subfield></datafield><datafield ind1="0" ind2="0" tag="780"><subfield code="t">Jim Ned journal</subfield><subfield code="x">8750-5592</subfield><subfield code="w">(DLC)sn 84002537</subfield><subfield code="w">(OCoLC)11514547</subfield></datafield><datafield ind1="1" ind2=" " tag="029"><subfield code="a">AU@</subfield><subfield code="b">000025849658</subfield></datafield></record>